@article{acemoglu2016,
  title={Transition to clean technology},
  author={Acemoglu, Daron and Akcigit, Ufuk and Hanley, Douglas and Kerr, William},
  journal={Journal of political economy},
  volume={124},
  number={1},
  pages={52--104},
  year={2016},
  publisher={University of Chicago Press Chicago, IL}
}

@article{andersson2019,
  title={Carbon taxes and CO 2 emissions: Sweden as a case study},
  author={Andersson, Julius J},
  journal={American Economic Journal: Economic Policy},
  volume={11},
  number={4},
  pages={1--30},
  year={2019}
}

@article{bavbek2016,
  title={Carbon Taxation Policy Case Studies},
  author={Bavbek, G{\"o}k{\c{s}}in},
  journal={EDAM Energy and Climate Change. Climate Action Paper Series 2016},
  volume={4},
  pages={15},
  year={2016}
}

@article{bayer2020european,
  title={The European Union emissions trading system reduced CO2 emissions despite low prices},
  author={Bayer, Patrick and Aklin, Micha{\"e}l},
  journal={Proceedings of the National Academy of Sciences},
  volume={117},
  number={16},
  pages={8804--8812},
  year={2020},
  publisher={National Acad Sciences}
}


@article{chow1971,
  title={Best linear unbiased interpolation, distribution, and extrapolation of time series by related series},
  author={Chow, Gregory C and Lin, An-loh},
  journal={The review of Economics and Statistics},
  pages={372--375},
  year={1971},
  publisher={JSTOR}
}

@article{de2021adverse,
  title={The adverse consequences of global harvest and weather disruptions on economic activity},
  author={De Winne, Jasmien and Peersman, Gert},
  journal={Nature Climate Change},
  volume={11},
  number={8},
  pages={665--672},
  year={2021},
  publisher={Nature Publishing Group}
}


@article{ekins1999,
  title={Competitiveness and exemptions from environmental taxes in Europe},
  author={Ekins, Paul and Speck, Stefan},
  journal={Environmental and resource economics},
  volume={13},
  number={4},
  pages={369--396},
  year={1999},
  publisher={Springer}
}

@techreport{elbaum2021,
  title={The effect of a carbon tax on per capita carbon dioxide emissions: evidence from Finland},
  author={Elbaum, Jean-David},
  year={2021},
  institution={IRENE Working Paper}
}


@article{ellerman2020,
  title={The European Union emissions trading system: ten years and counting},
  author={Ellerman, A Denny and Marcantonini, Claudio and Zaklan, Aleksandar},
  journal={Review of Environmental Economics and Policy},
  year={2020},
  publisher={The University of Chicago Press}
}

@article{faccia2021feeling,
  title={Feeling the heat: extreme temperatures and price stability},
  author={Faccia, Donata and Parker, Miles and Stracca, Livio},
  year={2021},
  journal={ECB Working Paper}
}

@article{garcia2021,
  title={The impact of EU allowance prices on the stock market indices of the European power industries: evidence from the ongoing EU ETS phase III},
  author={Garc{\'\i}a, Agust{\'\i}n and Garc{\'\i}a-{\'A}lvarez, Mar{\'\i}a Teresa and Moreno, Blanca},
  journal={Organization \& Environment},
  volume={34},
  number={3},
  pages={459--478},
  year={2021},
  publisher={SAGE Publications Sage CA: Los Angeles, CA}
}

@article{green2021does,
  title={Does carbon pricing reduce emissions? A review of ex-post analyses},
  author={Green, Jessica F},
  journal={Environmental Research Letters},
  volume={16},
  number={4},
  pages={043004},
  year={2021},
  publisher={IOP Publishing}
}

@article{giacomini2022robust,
  title={Robust Bayesian inference in proxy SVARs},
  author={Giacomini, Raffaella and Kitagawa, Toru and Read, Matthew},
  journal={Journal of Econometrics},
  volume={228},
  number={1},
  pages={107--126},
  year={2022},
  publisher={Elsevier}
}

@misc{hallitus1989,
  title = {Hallituksen esitys n:o 122 Eduskunnalle laiksi polttoaineverosta annetun lain väliaikaisesta muuttamisesta},
  author = {Hallituksen esitys, '},
  journal = {HE},
  year = {1989}
}

@article{hayek35v,
  title={The use of knowledge in society},
  author={Hayek, Friedrich A},
  journal={American Economic Review},
  volume={35},
  number={4},
  pages={519--560},
  year={1945}
}



@article{jentsch2019,
  title={The dynamic effects of personal and corporate income tax changes in the United States: Comment},
  author={Jentsch, Carsten and Lunsford, Kurt G},
  journal={American Economic Review},
  volume={109},
  number={7},
  pages={2655--78},
  year={2019}
}

@article{jentsch2016,
  title={Proxy SVARs: Asymptotic theory, bootstrap inference, and the effects of income tax changes in the United States (Working Paper No. 16-19)},
  author={Jentsch, C and Lunsford, KG},
  journal={Cleveland, OH: Federal Reserve Bank of Cleveland},
  year={2016}
}

@article{joltreau2019,
  title={Why does emissions trading under the EU Emissions Trading System (ETS) not affect firms' competitiveness? Empirical findings from the literature},
  author={Joltreau, Eug{\'e}nie and Sommerfeld, Katrin},
  journal={Climate policy},
  volume={19},
  number={4},
  pages={453--471},
  year={2019},
  publisher={Taylor \& Francis}
}

@article{lin2011,
  title={The effect of carbon tax on per capita CO2 emissions},
  author={Lin, Boqiang and Li, Xuehui},
  journal={Energy policy},
  volume={39},
  number={9},
  pages={5137--5146},
  year={2011},
  publisher={Elsevier}
}

@misc{keranen2020identification,
  title={Identification of fiscal SVARs in small open economies using trading partner forecast errors as instruments},
  author={Ker{\"a}nen, Henri and L{\"a}hdem{\"a}ki, Sakari and others},
  year={2020}
}

@unpublished{kaenzig2022,
  title = {The unequal economic consequences of carbon pricing},
  journal = {Working paper},
  author = {K{\"a}nzig, Diego},
  year = {2022}
}

@article{kaenzig2021,
language = {eng},
number = {4},
pages = {1092-1125},
title = {The Macroeconomic Effects of Oil Supply News: Evidence from OPEC Announcements},
volume = {111},
year = {2021},
abstract = {This paper studies how changes in oil supply expectations affect the oil price and the macroeconomy. Using a novel identification design, exploiting institutional features of OPEC and high-frequency data, I identify an oil supply news shock. These shocks have statistically and economically significant effects. Negative news leads to an immediate increase in oil prices, a gradual fall in oil production, and an increase in inventories. This has consequences for the US economy: activity falls, prices and inflation expectations rise, and the dollar depreciates, providing evidence for a strong channel operating through supply expectations. (JEL E31, E32, F31, Q35, Q38, Q43)},
author = {K{\"a}nzig, Diego R.},
issn = {0002-8282},
journal = {The American economic review},
}

@article{kilian2009not,
  title={Not all oil price shocks are alike: Disentangling demand and supply shocks in the crude oil market},
  author={Kilian, Lutz},
  journal={American Economic Review},
  volume={99},
  number={3},
  pages={1053--69},
  year={2009}
}

@misc{marcu2020,
  title={2020 State of the EU ETS Report},
  author={Marcu, Andrei and Hern{\'a}ndez, Juan Fernando L{\'o}pez and Alberola, Emilie and Faure, Anouk and Qin, Bo and O’Neill, Mariko and Schleicher, Stefan and Caneill, Jean-Yves and Bonfiglio, Elena and Vollmer, Anita},
  year={2020},
  publisher={ERCST}
}

@article{martin2014,
  title={The impact of a carbon tax on manufacturing: Evidence from microdata},
  author={Martin, Ralf and De Preux, Laure B and Wagner, Ulrich J},
  journal={Journal of Public Economics},
  volume={117},
  pages={1--14},
  year={2014},
  publisher={Elsevier}
}

@article{metcalf2021,
  title={Carbon Taxes in Theory and Practice},
  author={Metcalf, Gilbert E},
  journal={Annual Review of Resource Economics},
  volume={13},
  pages={245--265},
  year={2021},
  publisher={Annual Reviews}
}

@techreport{metcalf2020,
  title={The macroeconomic impact of Europe’s carbon taxes},
  author={Metcalf, Gilbert E and Stock, James H},
  year={2020},
  institution={National Bureau of Economic Research}
}

@article{metcalf2019economics,
  title={On the economics of a carbon tax for the United States},
  author={Metcalf, Gilbert E},
  journal={Brookings Papers on Economic Activity},
  volume={2019},
  number={1},
  pages={405--484},
  year={2019},
  publisher={Brookings Institution Press}
}

@article{mertens2013dynamic,
  title={The dynamic effects of personal and corporate income tax changes in the United States},
  author={Mertens, Karel and Ravn, Morten O},
  journal={American economic review},
  volume={103},
  number={4},
  pages={1212--47},
  year={2013}
}


@article{montiel2021,
  title={Inference in structural vector autoregressions identified with an external instrument},
  author={Montiel Olea, Jos{\'e} L and Stock, James H and Watson, Mark W and others},
  journal={Journal of Econometrics},
  volume={225},
  number={1},
  pages={74--87},
  year={2021},
  publisher={Elsevier}
}

@article{nakamura2018,
  title={High-frequency identification of monetary non-neutrality: the information effect},
  author={Nakamura, Emi and Steinsson, J{\'o}n},
  journal={The Quarterly Journal of Economics},
  volume={133},
  number={3},
  pages={1283--1330},
  year={2018},
  publisher={Oxford University Press}
}

@article{olea2013robust,
  title={A robust test for weak instruments},
  author={Olea, Jos{\'e} Luis Montiel and Pflueger, Carolin},
  journal={Journal of Business \& Economic Statistics},
  volume={31},
  number={3},
  pages={358--369},
  year={2013},
  publisher={Taylor \& Francis}
}


@misc{palanne2021,
  title = {Henkil{\"o}autoliikenteen CO2-p{\"a}{\"a}st{\"o}t ja p{\"a}{\"a}st{\"o}jen vero-ohjaus},
  author = {Palanne, Kimmo and Sahari, Anna},
  year = {2021},
  institution={Valtion taloudellinen tutkimuskeskus},
  type = {VATT Muistiot: 63}
}

@article{pindyck2001,
  title={The dynamics of commodity spot and futures markets: a primer},
  author={Pindyck, Robert S},
  journal={The energy journal},
  volume={22},
  number={3},
  year={2001},
  publisher={International Association for Energy Economics}
}

@article{plagborg2021local,
  title={Local projections and VARs estimate the same impulse responses},
  author={Plagborg-M{\o}ller, Mikkel and Wolf, Christian K},
  journal={Econometrica},
  volume={89},
  number={2},
  pages={955--980},
  year={2021},
  publisher={Wiley Online Library}
}

@article{romer2010macroeconomic,
  title={The macroeconomic effects of tax changes: estimates based on a new measure of fiscal shocks},
  author={Romer, Christina D and Romer, David H},
  journal={American Economic Review},
  volume={100},
  number={3},
  pages={763--801},
  year={2010}
}


@article{sahari2019,
  title={Electricity prices and consumers' long-term technology choices: Evidence from heating investments},
  author={Sahari, Anna},
  journal={European Economic Review},
  volume={114},
  pages={19--53},
  year={2019},
  publisher={Elsevier}
}

@article{stock2003retrospectives,
  title={Retrospectives: Who invented instrumental variable regression?},
  author={Stock, James H and Trebbi, Francesco},
  journal={Journal of Economic Perspectives},
  volume={17},
  number={3},
  pages={177--194},
  year={2003}
}

@article{stock2008s,
  title={What's New in Econometrics-Time Series},
  author={Stock, James H and Watson, Mark W},
  journal={NBER Summer Institute, Lecture},
  volume={7},
  number={2012},
  pages={2007--09},
  year={2008}
}

@misc{stock2012disentangling,
  title={Disentangling the Channels of the 2007-2009 Recession},
  author={Stock, James H and Watson, Mark W},
  year={2012},
  institution={National Bureau of Economic Research}
}


@article{stock2018,
  title={Identification and estimation of dynamic causal effects in macroeconomics using external instruments},
  author={Stock, James H and Watson, Mark W},
  journal={The Economic Journal},
  volume={128},
  number={610},
  pages={917--948},
  year={2018},
  publisher={Oxford University Press Oxford, UK}
}

@online{statfin2022,
  author = {Statistics Finland},
  title = {Official Statistics of Finland (OSF): Greenhouse gases},
  year = 2022,
  url = {https://www.stat.fi/til/khki/index_en.html},
  urldate = {2022-05-15}
}

@article{santikarn2021,
  title={State and trends of carbon pricing 2021},
  author={Santikarn, Marissa and Churie Kallhauge, Angela Naneu and Bozcaga, Mustafa Ozgur and Sattler, Leyla and Mccormick, Michael Stephen and Ferran Torres, Ana and Conway, Darragh and Mongendre, Leo and Inclan, Carolina and Mikolajczyk, Szymon and others},
  year={2021},
  publisher={World Bank Group}
}

@article{verde2019free,
  title={Free allocation rules in the EU emissions trading system: what does the empirical literature show?},
  author={Verde, Stefano F and Teixid{\'o}, Jordi and Marcantonini, Claudio and Labandeira, Xavier},
  journal={Climate policy},
  volume={19},
  number={4},
  pages={439--452},
  year={2019},
  publisher={Taylor \& Francis}
}

@article{HerwartzHelmut2022PSio,
  language = {eng},
  publisher = {Elsevier B.V},
  title = {Proxy SVAR identification of monetary policy shocks - Monte Carlo evidence and insights for the US},
  volume = {139},
  year = {2022},
  abstract = {In empirical macroeconomics, proxy structural vector autoregressive models (SVARs) have become a prominent path towards detecting monetary policy (MP) shocks. However, in practice, the merits of proxy SVARs depend on the relevance and exogeneity of the instrumental information employed. Our Monte Carlo analysis sheds light on the performance of proxy SVARs under realistic scenarios of low relative signal strength attached to MP shocks and alternative assumptions on instrument accuracy. In an empirical application with US data we argue in favor of the specific informational content of instruments based on the dynamic stochastic general equilibrium model of Smets and Wouters (2007). A joint assessment of the benchmark proxy SVAR and the outcomes of a structural covariance change model implies that from 1973 until 1979 monetary policy contributed on average between 2.2 and 2.4 percent of annual inflation. For the so-called Volcker disinflation starting in 1979Q4, the benchmark structural model shows that the Fed’s policy measures effectively reduced the GDP deflator within three years (i.e. by -12.26 pp until 1982Q3).},
  author = {Herwartz, Helmut and Rohloff, Hannes and Wang, Shu},
  copyright = {2022 Elsevier B.V.},
  issn = {0165-1889},
  journal = {Journal of economic dynamics & control},
  keywords = {External instruments ; Heteroskedasticity ; Monetary policy ; Monetary policy shocks ; Proxy ; Proxy SVAR ; Structural vector autoregression},
}

@article{wolf2020svar,
  title={Svar (mis) identification and the real effects of monetary policy shocks},
  author={Wolf, Christian K},
  journal={American Economic Journal: Macroeconomics},
  volume={12},
  number={4},
  pages={1--32},
  year={2020}
}